@misc{Kim2008,
author = {Kim, Oliver},
booktitle = {MicrobeHunter},
title = {{What are the advantages of a mechanical stage?}},
url = {What are the advantages of a mechanical stage?},
year = {2008}
}
@misc{Abramowitz2015,
author = {Abramowitz, Mortimer. and Davidson, Michael W.},
booktitle = {Optical Microscopy Primer},
title = {{Microscope Stages}},
url = {https://micro.magnet.fsu.edu/primer/anatomy/stage.html},
year = {2015}
}
@article{Greenbaum2012,
author = {Greenbaum, Alon and Luo, Wei and Su, Ting-Wei and G{\"{o}}r{\"{o}}cs, Zolt{\'{a}}n and Xue, Liang and Isikman, Serhan O and Coskun, Ahmet F and Mudanyali, Onur and Ozcan, Aydogan},
doi = {10.1038/nmeth.2114},
issn = {1548-7091},
journal = {Nature Methods},
month = {aug},
number = {9},
pages = {889--895},
title = {{Imaging without lenses: achievements and remaining challenges of wide-field on-chip microscopy}},
url = {http://www.nature.com/doifinder/10.1038/nmeth.2114},
volume = {9},
year = {2012}
}
@article{Coskun2010,
author = {Coskun, Ahmet F. and Su, Ting-Wei and Ozcan, Aydogan},
doi = {10.1039/b926561a},
issn = {1473-0197},
journal = {Lab on a Chip},
number = {7},
pages = {824},
title = {{Wide field-of-view lens-free fluorescent imaging on a chip}},
url = {http://xlink.rsc.org/?DOI=b926561a},
volume = {10},
year = {2010}
}
@article{Zhang2016,
author = {Zhang, Yu Shrike and Chang, Jae-Byum and Alvarez, Mario Mois{\'{e}}s and {Trujillo-de Santiago}, Grissel and Aleman, Julio and Batzaya, Byambaa and Krishnadoss, Vaishali and Ramanujam, Aishwarya Aravamudhan and Kazemzadeh-Narbat, Mehdi and Chen, Fei and Tillberg, Paul W. and Dokmeci, Mehmet Remzi and Boyden, Edward S. and Khademhosseini, Ali},
doi = {10.1038/srep22691},
issn = {2045-2322},
journal = {Scientific Reports},
month = {sep},
number = {1},
pages = {22691},
title = {{Hybrid Microscopy: Enabling Inexpensive High-Performance Imaging through Combined Physical and Optical Magnifications}},
url = {http://www.nature.com/articles/srep22691},
volume = {6},
year = {2016}
}
